@inproceedings{knobelsdorf2017theorem,
  title={Theorem provers as a learning tool in theory of computation},
  author={Knobelsdorf, Maria and Frede, Christiane and B{\"o}hne, Sebastian and Kreitz, Christoph},
  booktitle={Proceedings of the 2017 ACM Conference on International Computing Education Research},
  pages={83--92},
  year={2017}
}

@inproceedings{de2015lean,
  title={The Lean theorem prover (system description)},
  author={de Moura, Leonardo and Kong, Soonho and Avigad, Jeremy and Van Doorn, Floris and von Raumer, Jakob},
  booktitle={Automated Deduction-CADE-25: 25th International Conference on Automated Deduction, Berlin, Germany, August 1-7, 2015, Proceedings 25},
  pages={378--388},
  year={2015},
  organization={Springer}
}

@book{hunt1994fm8501,
  title={FM8501: A verified microprocessor},
  author={Hunt Jr, Warren A},
  year={1994},
  publisher={Springer}
}

@incollection{green1981application,
  title={Application of theorem proving to problem solving},
  author={Green, Cordell},
  booktitle={Readings in Artificial Intelligence},
  pages={202--222},
  year={1981},
  publisher={Elsevier}
}

 @misc{buzzard_2020, title={Liquid tensor experiment}, url={https://xenaproject.wordpress.com/2020/12/05/liquid-tensor-experiment/}, journal={Xena Project}, author={Buzzard, Kevin}, year={2020}, month={Dec}} 

  @misc{wiedijk, title={Formalizing 100 Theorems}, url={https://www.cs.ru.nl/~freek/100/}, journal={Formalizing 100 theorems}, author={Wiedijk, Freek}} 